<record><leader>00000cas a22000007a 4500</leader><controlfield tag="001">30067537</controlfield><controlfield tag="008">940401d18621uuudcuuu ne      0    0eng d</controlfield><controlfield tag="009">14485</controlfield><datafield ind1=" " ind2=" " tag="010"><subfield code="a">sn 94051478 </subfield></datafield><datafield ind1=" " ind2=" " tag="040"><subfield code="a">CNK</subfield><subfield code="b">eng</subfield><subfield code="c">CNK</subfield><subfield code="d">OCL</subfield></datafield><datafield ind1=" " ind2=" " tag="042"><subfield code="a">msc</subfield></datafield><datafield ind1="0" ind2="4" tag="245"><subfield code="a">The Dragoon.</subfield></datafield><datafield ind1=" " ind2=" " tag="260"><subfield code="a">Camp Barker, Washington, D.C. :</subfield><subfield code="b">The McClellan Dragoons,</subfield></datafield><datafield ind1=" " ind2=" " tag="300"><subfield code="a">v.</subfield></datafield><datafield ind1=" " ind2=" " tag="310"><subfield code="a">Semi-occasionally</subfield></datafield><datafield ind1="0" ind2=" " tag="362"><subfield code="a">Vol. 1, no. 1 (Mar. 5, 1862)-</subfield></datafield><datafield ind1=" " ind2="0" tag="651"><subfield code="a">Camp Barker (D.C.)</subfield><subfield code="v">Newspapers.</subfield></datafield><datafield ind1=" " ind2=" " tag="752"><subfield code="a">United States</subfield><subfield code="b">District of Columbia</subfield><subfield code="d">Camp Barker.</subfield></datafield></record>